<marc:record xmlns:marc="http://www.loc.gov/MARC21/slim"><marc:leader>00713nam a22001690a 45 0</marc:leader><marc:controlfield tag="001">307254</marc:controlfield><marc:controlfield tag="003">NL-AMISG</marc:controlfield><marc:controlfield tag="005">19950210234845.0</marc:controlfield><marc:controlfield tag="008">199502suuuuuuuu||||||||||||||||||||||| d</marc:controlfield><marc:datafield ind1=" " ind2=" " tag="035"><marc:subfield code="a">(IISG)IISGb10048267</marc:subfield></marc:datafield><marc:datafield ind1=" " ind2=" " tag="040"><marc:subfield code="a">NL-AmISG</marc:subfield></marc:datafield><marc:datafield ind1="1" ind2=" " tag="100"><marc:subfield code="a">Beckmann, George M.</marc:subfield></marc:datafield><marc:datafield ind1="1" ind2="4" tag="245"><marc:subfield code="a">The Japanese Communist Party, 1922-1945.</marc:subfield></marc:datafield><marc:datafield ind1=" " ind2=" " tag="260"><marc:subfield code="a">Stanford, California :</marc:subfield><marc:subfield code="b">Stanford University Press,</marc:subfield><marc:subfield code="c">1969.</marc:subfield></marc:datafield><marc:datafield ind1=" " ind2=" " tag="300"><marc:subfield code="a">X, 453 p.</marc:subfield></marc:datafield><marc:datafield ind1=" " ind2=" " tag="500"><marc:subfield code="a">With bibliogr. and index.</marc:subfield></marc:datafield><marc:datafield ind1=" " ind2=" " tag="690"><marc:subfield code="a">Az 776</marc:subfield><marc:subfield code="b">Asia; Central, South, and South East Asia; Japan; social and economic development; social movements, labour movement, communist Party</marc:subfield><marc:subfield code="c">Azië; Centraal-, Zuid- en Zuidoost-Azië; Japan; sociaal- ekonomische ontwikkeling; sociale bewegingen, arbeidersbeweging, kommunistische partij.</marc:subfield></marc:datafield><marc:datafield ind1="1" ind2=" " tag="700"><marc:subfield code="a">Okubo Genji.</marc:subfield></marc:datafield><marc:datafield ind1=" " ind2=" " tag="852"><marc:subfield code="a">IISG</marc:subfield><marc:subfield code="b">IISG</marc:subfield><marc:subfield code="c">IISG</marc:subfield><marc:subfield code="j">5/168</marc:subfield><marc:subfield code="p">N10047775</marc:subfield></marc:datafield><marc:datafield ind1=" " ind2=" " tag="901"><marc:subfield code="a">307254</marc:subfield><marc:subfield code="b">Unknown</marc:subfield><marc:subfield code="c">307254</marc:subfield><marc:subfield code="t">biblio</marc:subfield></marc:datafield><marc:datafield ind1=" " ind2=" " tag="902"><marc:subfield code="a">10622/3464A5E9-03CB-4865-8CB9-0C0A8C6745DE</marc:subfield></marc:datafield></marc:record>